@book{ehrig2006,
 author = {Ehrig, H. and Ehrig, K. and Prange, U. and Taentzer, G.},
 title = {Fundamentals of Algebraic Graph Transformation (Monographs in Theoretical Computer Science. An EATCS Series)},
 year = {2006},
 isbn = {3540311874},
 publisher = {Springer-Verlag New York, Inc.},
 address = {Secaucus, NJ, USA},
}

@phdthesis{machado2012,
  title = {Higher-order graph rewriting systems},
  author = {Machado, Rodrigo},
  year = {2012},
  school = {Instituto de Informática - Universidade Federal do Rio Grande do Sul},
  url = {\url{http://hdl.handle.net/10183/54887}}
}

@misc{verigraph,
  title = {Repositório Público do Verigraph},
  howpublished = {\url{https://github.com/Verites/verigraph}},
  note = {Acessado em: 29-07-2016}
}

@misc{verites,
  title = {Website do Grupo Verites},
  howpublished = {\url{https://wiki.inf.ufrgs.br/Grupo_de_Verifica%C3%A7%C3%A3o,_Valida%C3%A7%C3%A3o_e_Teste_de_Sistemas_Computacionais}},
  note = {Acessado em: 01-08-2016}
}